{
  "leader": "05000cam a2200541 a 4500",
  "fields": [
    {
      "001": "ocm12581763\\"
    },
    {
      "003": "OCoLC"
    },
    {
      "005": "20220707153344.0"
    },
    {
      "008": "850905s1986\\\\\\\\enk\\\\\\\\\\\\b\\\\\\\\001\\0\\eng\\\\"
    },
    {
      "010": {
        "ind1": "\\",
        "ind2": "\\",
        "subfields": [
          {
            "a": "   85021587 "
          }
        ]
      }
    },
    {
      "040": {
        "ind1": "\\",
        "ind2": "\\",
        "subfields": [
          {
            "a": "DLC"
          },
          {
            "b": "eng"
          },
          {
            "c": "DLC"
          },
          {
            "d": "FIJ"
          },
          {
            "d": "UKM"
          },
          {
            "d": "MUQ"
          },
          {
            "d": "UV{dollar}"
          },
          {
            "d": "NLGGC"
          },
          {
            "d": "BAKER"
          },
          {
            "d": "BTCTA"
          },
          {
            "d": "YDXCP"
          },
          {
            "d": "NLE"
          },
          {
            "d": "UKMGB"
          },
          {
            "d": "MCW"
          },
          {
            "d": "GBVCP"
          },
          {
            "d": "OCLCF"
          },
          {
            "d": "EUW"
          },
          {
            "d": "OCLCQ"
          },
          {
            "d": "OCL"
          },
          {
            "d": "TPA"
          },
          {
            "d": "VJM"
          },
          {
            "d": "DHA"
          },
          {
            "d": "OCLCQ"
          },
          {
            "d": "ICN"
          },
          {
            "d": "PEX"
          },
          {
            "d": "OCLCO"
          },
          {
            "d": "XFF"
          },
          {
            "d": "OCLCO"
          },
          {
            "d": "OCLCQ"
          },
          {
            "d": "OCLCO"
          },
          {
            "d": "CPS"
          },
          {
            "d": "OCLCO"
          },
          {
            "d": "LVT"
          },
          {
            "d": "EUQ"
          },
          {
            "d": "NZ1"
          },
          {
            "d": "DCHUA"
          },
          {
            "d": "UKUOY"
          },
          {
            "d": "OCLCQ"
          },
          {
            "d": "CPO"
          },
          {
            "d": "HUELT"
          },
          {
            "d": "KNM"
          },
          {
            "d": "PUG"
          },
          {
            "d": "OCLCO"
          },
          {
            "d": "UWK"
          },
          {
            "d": "OCLCQ"
          },
          {
            "d": "OCLCO"
          },
          {
            "d": "OCLCA"
          },
          {
            "d": "OCLCQ"
          },
          {
            "d": "UOO"
          },
          {
            "d": "ELO"
          },
          {
            "d": "OCLCQ"
          },
          {
            "d": "CMT"
          },
          {
            "d": "EUM"
          },
          {
            "d": "UKBTH"
          },
          {
            "d": "OCLCO"
          },
          {
            "d": "OCLCQ"
          }
        ]
      }
    },
    {
      "016": {
        "ind1": "7",
        "ind2": "\\",
        "subfields": [
          {
            "a": "012604325"
          },
          {
            "2": "Uk"
          }
        ]
      }
    },
    {
      "019": {
        "ind1": "\\",
        "ind2": "\\",
        "subfields": [
          {
            "a": "12946009"
          },
          {
            "a": "19263033"
          },
          {
            "a": "813650657"
          },
          {
            "a": "978936451"
          },
          {
            "a": "979177159"
          },
          {
            "a": "993175073"
          },
          {
            "a": "1016652482"
          },
          {
            "a": "1026337508"
          },
          {
            "a": "1054006961"
          },
          {
            "a": "1055058050"
          },
          {
            "a": "1056839442"
          },
          {
            "a": "1057587499"
          },
          {
            "a": "1064014334"
          },
          {
            "a": "1078454810"
          },
          {
            "a": "1078809138"
          },
          {
            "a": "1080075717"
          },
          {
            "a": "1080161403"
          },
          {
            "a": "1081799704"
          },
          {
            "a": "1088339488"
          },
          {
            "a": "1089007505"
          },
          {
            "a": "1089877806"
          },
          {
            "a": "1090480081"
          },
          {
            "a": "1096523688"
          },
          {
            "a": "1099340723"
          },
          {
            "a": "1099957306"
          },
          {
            "a": "1101009701"
          },
          {
            "a": "1164055700"
          },
          {
            "a": "1165347073"
          }
        ]
      }
    },
    {
      "020": {
        "ind1": "\\",
        "ind2": "\\",
        "subfields": [
          {
            "a": "0198519710"
          },
          {
            "q": "(alk. paper)"
          }
        ]
      }
    },
    {
      "020": {
        "ind1": "\\",
        "ind2": "\\",
        "subfields": [
          {
            "a": "9780198519713"
          },
          {
            "q": "(alk. paper)"
          }
        ]
      }
    },
    {
      "020": {
        "ind1": "\\",
        "ind2": "\\",
        "subfields": [
          {
            "a": "0198519974"
          }
        ]
      }
    },
    {
      "020": {
        "ind1": "\\",
        "ind2": "\\",
        "subfields": [
          {
            "a": "9780198519973"
          }
        ]
      }
    },
    {
      "035": {
        "ind1": "\\",
        "ind2": "\\",
        "subfields": [
          {
            "a": "(OCoLC)12581763"
          },
          {
            "z": "(OCoLC)12946009"
          },
          {
            "z": "(OCoLC)19263033"
          },
          {
            "z": "(OCoLC)813650657"
          },
          {
            "z": "(OCoLC)978936451"
          },
          {
            "z": "(OCoLC)979177159"
          },
          {
            "z": "(OCoLC)993175073"
          },
          {
            "z": "(OCoLC)1016652482"
          },
          {
            "z": "(OCoLC)1026337508"
          },
          {
            "z": "(OCoLC)1054006961"
          },
          {
            "z": "(OCoLC)1055058050"
          },
          {
            "z": "(OCoLC)1056839442"
          },
          {
            "z": "(OCoLC)1057587499"
          },
          {
            "z": "(OCoLC)1064014334"
          },
          {
            "z": "(OCoLC)1078454810"
          },
          {
            "z": "(OCoLC)1078809138"
          },
          {
            "z": "(OCoLC)1080075717"
          },
          {
            "z": "(OCoLC)1080161403"
          },
          {
            "z": "(OCoLC)1081799704"
          },
          {
            "z": "(OCoLC)1088339488"
          },
          {
            "z": "(OCoLC)1089007505"
          },
          {
            "z": "(OCoLC)1089877806"
          },
          {
            "z": "(OCoLC)1090480081"
          },
          {
            "z": "(OCoLC)1096523688"
          },
          {
            "z": "(OCoLC)1099340723"
          },
          {
            "z": "(OCoLC)1099957306"
          },
          {
            "z": "(OCoLC)1101009701"
          },
          {
            "z": "(OCoLC)1164055700"
          },
          {
            "z": "(OCoLC)1165347073"
          }
        ]
      }
    },
    {
      "050": {
        "ind1": "0",
        "ind2": "0",
        "subfields": [
          {
            "a": "QC7"
          },
          {
            "b": ".P27 1986"
          }
        ]
      }
    },
    {
      "051": {
        "ind1": "\\",
        "ind2": "\\",
        "subfields": [
          {
            "a": "QC21.2"
          },
          {
            "b": ".P35 1986"
          }
        ]
      }
    },
    {
      "060": {
        "ind1": "\\",
        "ind2": "4",
        "subfields": [
          {
            "a": "QC 21.2"
          },
          {
            "b": "P34 1986"
          }
        ]
      }
    },
    {
      "080": {
        "ind1": "\\",
        "ind2": "\\",
        "subfields": [
          {
            "a": "091.53.P14"
          }
        ]
      }
    },
    {
      "080": {
        "ind1": "\\",
        "ind2": "\\",
        "subfields": [
          {
            "a": "530(091)"
          }
        ]
      }
    },
    {
      "082": {
        "ind1": "0",
        "ind2": "0",
        "subfields": [
          {
            "a": "530"
          },
          {
            "b": "PAI"
          }
        ]
      }
    },
    {
      "083": {
        "ind1": "0",
        "ind2": "\\",
        "subfields": [
          {
            "a": "Physics, 1895-1983"
          }
        ]
      }
    },
    {
      "100": {
        "ind1": "1",
        "ind2": "\\",
        "subfields": [
          {
            "a": "Pais, Abraham,"
          },
          {
            "d": "1918-2000."
          }
        ]
      }
    },
    {
      "245": {
        "ind1": "1",
        "ind2": "0",
        "subfields": [
          {
            "a": "Inward bound :"
          },
          {
            "b": "of matter and forces in the physical world /"
          },
          {
            "c": "Abraham Pais."
          }
        ]
      }
    },
    {
      "260": {
        "ind1": "\\",
        "ind2": "\\",
        "subfields": [
          {
            "a": "Oxford [Oxfordshire] :"
          },
          {
            "b": "Clarendon Press ;"
          },
          {
            "a": "New York :"
          },
          {
            "b": "Oxford University Press,"
          },
          {
            "c": "1986."
          }
        ]
      }
    },
    {
      "300": {
        "ind1": "\\",
        "ind2": "\\",
        "subfields": [
          {
            "a": "xiv, 666 pages ;"
          },
          {
            "c": "25 cm"
          }
        ]
      }
    },
    {
      "336": {
        "ind1": "\\",
        "ind2": "\\",
        "subfields": [
          {
            "a": "text"
          },
          {
            "b": "txt"
          },
          {
            "2": "rdacontent"
          }
        ]
      }
    },
    {
      "337": {
        "ind1": "\\",
        "ind2": "\\",
        "subfields": [
          {
            "a": "unmediated"
          },
          {
            "b": "n"
          },
          {
            "2": "rdamedia"
          }
        ]
      }
    },
    {
      "338": {
        "ind1": "\\",
        "ind2": "\\",
        "subfields": [
          {
            "a": "volume"
          },
          {
            "b": "nc"
          },
          {
            "2": "rdacarrier"
          }
        ]
      }
    },
    {
      "504": {
        "ind1": "\\",
        "ind2": "\\",
        "subfields": [
          {
            "a": "Includes bibliographical references and indexes."
          }
        ]
      }
    },
    {
      "505": {
        "ind1": "0",
        "ind2": "\\",
        "subfields": [
          {
            "a": "Purpose and plan -- pt. 1. 1895-1945 : a history: New kinds of rays ; From uranic rays to radioactivity ; The first particle ; Interlude : earliest physiological discoveries ; Radioactivity's three early puzzles ; Pitfalls of simplicity ; [Beta]-spectra, 1907-1914 ; \"It was the epoch of belief, it was the epoch of incredulity\" ; Nuclear physics' tender age ; Quantum mechanics, an essay ; First encounters with symmetry and invariance ; Nuclear physics : the age of paradox ; Quantum fields, or how particles are made and how they disappear ; Battling the infinite ; In which the nucleus acquires a new constituent, loses an old one, reveals new forces with new symmetries, and is explored by new experimental methods -- pt. 2. The postwar years : a memoir: Of quantum eletrodynamics' triumphs and limitations and of a new particle's sobering impact ; In which particle physics enters the era of big machines and big detectors and pion physics goes through ups and downs ; Onset of an era : new forms of matter appear, old symmetries crumble ; Essay on modern times : 1960-83 ; Being a conclusion that starts as epilog and ends as prolog."
          }
        ]
      }
    },
    {
      "520": {
        "ind1": "\\",
        "ind2": "\\",
        "subfields": [
          {
            "a": "The history of physics since the discovery of X-rays would be too simplistic a description of this book. Certainly it covers the historical period from the late nineteenth century to the present day, but the book attempts to relate not only what has happened over the last hundred years or so, but why it happened the way it did, what it was like for those scientists involved, and how what, at the time, seemed a series of bizarre or unrelated events, now withhindsight presents a logical narrative. The author, himself a notable physicist and author of the highly successful Subtle is the Lord (Clarendon Press 1982), was personally involved in many of the developments described in the book. As with his previous book, unique insights into the world of big and smallphysics are to be gained from this major work."
          }
        ]
      }
    },
    {
      "650": {
        "ind1": "\\",
        "ind2": "0",
        "subfields": [
          {
            "a": "Physics"
          },
          {
            "x": "History"
          },
          {
            "y": "20th century."
          }
        ]
      }
    },
    {
      "650": {
        "ind1": "\\",
        "ind2": "0",
        "subfields": [
          {
            "a": "Physics."
          }
        ]
      }
    },
    {
      "650": {
        "ind1": "\\",
        "ind2": "2",
        "subfields": [
          {
            "a": "Physics"
          },
          {
            "x": "history"
          }
        ]
      }
    },
    {
      "650": {
        "ind1": "\\",
        "ind2": "2",
        "subfields": [
          {
            "a": "Physics"
          }
        ]
      }
    },
    {
      "650": {
        "ind1": "\\",
        "ind2": "7",
        "subfields": [
          {
            "a": "Physics."
          },
          {
            "2": "fast"
          },
          {
            "0": "(OCoLC)fst01063025"
          }
        ]
      }
    },
    {
      "648": {
        "ind1": "\\",
        "ind2": "7",
        "subfields": [
          {
            "a": "1900-1999"
          },
          {
            "2": "fast"
          }
        ]
      }
    },
    {
      "655": {
        "ind1": "\\",
        "ind2": "7",
        "subfields": [
          {
            "a": "History."
          },
          {
            "2": "fast"
          },
          {
            "0": "(OCoLC)fst01411628"
          }
        ]
      }
    },
    {
      "776": {
        "ind1": "0",
        "ind2": "8",
        "subfields": [
          {
            "i": "Online version:"
          },
          {
            "a": "Pais, Abraham, 1918-"
          },
          {
            "t": "Inward bound."
          },
          {
            "d": "Oxford [Oxfordshire] : Clarendon Press ; New York : Oxford University Press, 1986"
          },
          {
            "w": "(OCoLC)755054804"
          }
        ]
      }
    },
    {
      "856": {
        "ind1": "4",
        "ind2": "1",
        "subfields": [
          {
            "3": "Table of contents"
          },
          {
            "u": "http://www.gbv.de/dms/bowker/toc/9780198519713.pdf"
          }
        ]
      }
    },
    {
      "856": {
        "ind1": "4",
        "ind2": "2",
        "subfields": [
          {
            "3": "Publisher description"
          },
          {
            "u": "http://catdir.loc.gov/catdir/enhancements/fy0638/85021587-d.html"
          }
        ]
      }
    },
    {
      "994": {
        "ind1": "\\",
        "ind2": "\\",
        "subfields": [
          {
            "a": "Z0"
          },
          {
            "b": "NYRVC"
          }
        ]
      }
    },
    {
      "948": {
        "ind1": "\\",
        "ind2": "\\",
        "subfields": [
          {
            "h": "NO HOLDINGS IN NYRVC - 1253 OTHER HOLDINGS"
          }
        ]
      }
    },
    {
      "999": {
        "ind1": "\\",
        "ind2": "\\",
        "subfields": [
          {
            "a": "00000000012961"
          }
        ]
      }
    }
  ]
}